@article{course1,
  title   = {The Data Scientist's Toolbox},
  author  = {Jeff Leek, Roger D. Peng, Brian Caffo},
  journal = {Coursera - Johns Hopkins University},
  year    = {2022},
  url     = {https://www.coursera.org/learn/data-scientists-tools}
}

@article{course2,
  title   = {R Programming},
  author  = {Jeff Leek, Roger D. Peng, Brian Caffo},
  journal = {Coursera - Johns Hopkins University},
  year    = {2022},
  url     = {https://www.coursera.org/learn/r-programming}
}

@article{elegantbook,
  title   = {ElegantBook Template},
  author  = {Ethan Deng and Liam Huang},
  journal = {ElegantLaTeX Program},
  year    = {2021},
  url     = {https://www.overleaf.com/latex/templates/elegantbook-template/kdfqycvyydcn}
}


